<?xml version="1.0" encoding="UTF-8"?><collection xmlns="http://www.loc.gov/MARC21/slim"><record><leader>00374nam--2200133-i-4500</leader><controlfield tag="001">000002369</controlfield><controlfield tag="002">20161230</controlfield><controlfield tag="005">20161230201025</controlfield><controlfield tag="008">060222s1000------------r-----000-0-eng-d</controlfield><datafield ind1=" " ind2=" " tag="080"><subfield code="a">621.384.654</subfield></datafield><datafield ind1=" " ind2=" " tag="100"><subfield code="a">Green, G. K</subfield></datafield><datafield ind1=" " ind2=" " tag="245"><subfield code="a">The triumphs and tributations of the accelerator bulder</subfield></datafield><datafield ind1=" " ind2=" " tag="260"><subfield code="a">Upton, New York, Brookhaven National Laboratory, F. An 5 P</subfield></datafield><datafield ind1=" " ind2=" " tag="852"><subfield code="a">27115</subfield></datafield></record></collection>